<?xml version="1.0" encoding="UTF-8"?><collection xmlns="http://www.loc.gov/MARC21/slim"><record><leader>00343nam--2200133-i-4500</leader><controlfield tag="001">000012370</controlfield><controlfield tag="002">20161230</controlfield><controlfield tag="005">20161230201029</controlfield><controlfield tag="008">060222s1000------------r-----000-0-eng-d</controlfield><datafield ind1=" " ind2=" " tag="080"><subfield code="a">681.3.06(075.8)</subfield></datafield><datafield ind1=" " ind2=" " tag="245"><subfield code="a">Software engineering an advanced cours</subfield></datafield><datafield ind1=" " ind2=" " tag="260"><subfield code="a">Berlin, Springer-verlag, 1977 Xii + 545 P</subfield></datafield><datafield ind1=" " ind2=" " tag="700"><subfield code="a">Bauer, F.L</subfield></datafield><datafield ind1=" " ind2=" " tag="852"><subfield code="a">45408</subfield></datafield></record></collection>